@inproceedings{agirre-etal-2012-semeval,
    title = "{S}em{E}val-2012 Task 6: A Pilot on Semantic Textual Similarity",
    author = "Agirre, Eneko  and
      Cer, Daniel  and
      Diab, Mona  and
      Gonzalez-Agirre, Aitor",
    editor = "Agirre, Eneko  and
      Bos, Johan  and
      Diab, Mona  and
      Manandhar, Suresh  and
      Marton, Yuval  and
      Yuret, Deniz",
    booktitle = "*{SEM} 2012: The First Joint Conference on Lexical and Computational Semantics {--} Volume 1: Proceedings of the main conference and the shared task, and Volume 2: Proceedings of the Sixth International Workshop on Semantic Evaluation ({S}em{E}val 2012)",
    month = "7-8 " # jun,
    year = "2012",
    address = "Montr{\'e}al, Canada",
    publisher = "Association for Computational Linguistics",
    url = "https://aclanthology.org/S12-1051",
    pages = "385--393",
}

@inproceedings{bar-etal-2012-ukp,
    title = "{UKP}: Computing Semantic Textual Similarity by Combining Multiple Content Similarity Measures",
    author = {B{\"a}r, Daniel  and
      Biemann, Chris  and
      Gurevych, Iryna  and
      Zesch, Torsten},
    editor = "Agirre, Eneko  and
      Bos, Johan  and
      Diab, Mona  and
      Manandhar, Suresh  and
      Marton, Yuval  and
      Yuret, Deniz",
    booktitle = "*{SEM} 2012: The First Joint Conference on Lexical and Computational Semantics {--} Volume 1: Proceedings of the main conference and the shared task, and Volume 2: Proceedings of the Sixth International Workshop on Semantic Evaluation ({S}em{E}val 2012)",
    month = "7-8 " # jun,
    year = "2012",
    address = "Montr{\'e}al, Canada",
    publisher = "Association for Computational Linguistics",
    url = "https://aclanthology.org/S12-1059",
    pages = "435--440",
}

@inproceedings{saric-etal-2012-takelab,
    title = "{T}ake{L}ab: Systems for Measuring Semantic Text Similarity",
    author = "{\v{S}}ari{\'c}, Frane  and
      Glava{\v{s}}, Goran  and
      Karan, Vanja Mladen  and
      {\v{S}}najder, Jan  and
      Dalbelo Ba{\v{s}}i{\'c}, Bojana",
    editor = "Agirre, Eneko  and
      Bos, Johan  and
      Diab, Mona  and
      Manandhar, Suresh  and
      Marton, Yuval  and
      Yuret, Deniz",
    booktitle = "*{SEM} 2012: The First Joint Conference on Lexical and Computational Semantics {--} Volume 1: Proceedings of the main conference and the shared task, and Volume 2: Proceedings of the Sixth International Workshop on Semantic Evaluation ({S}em{E}val 2012)",
    month = "7-8 " # jun,
    year = "2012",
    address = "Montr{\'e}al, Canada",
    publisher = "Association for Computational Linguistics",
    url = "https://aclanthology.org/S12-1060",
    pages = "441--448",
}